@inproceedings{liu2020androzooopen,
  title={Androzooopen: Collecting large-scale open source android apps for the research community},
  author={Liu, Pei and Li, Li and Zhao, Yanjie and Sun, Xiaoyu and Grundy, John},
  booktitle={MSR 2020},
  pages={548--552},
  year={2020}
}

@inproceedings{geiger2018graph,
  title={A graph-based dataset of commit history of real-world android apps},
  author={Geiger, Franz-Xaver and Malavolta, Ivano and Pascarella, Luca and Palomba, Fabio and Di Nucci, Dario and Bacchelli, Alberto},
  booktitle={MSR 2018},
  pages={30--33},
  year={2018}
}

@inproceedings{allix2016androzoo,
  title={Androzoo: Collecting millions of android apps for the research community},
  author={Allix, Kevin and Bissyand{\'e}, Tegawend{\'e} F and Klein, Jacques and Le Traon, Yves},
  booktitle={MSR 2016},
  pages={468--471},
  year={2016},
  organization={IEEE}
}

@article{barba2018terminologies,
  title={Terminologies for reproducible research},
  author={Barba, Lorena A},
  journal={arXiv preprint arXiv:1802.03311},
  year={2018}
}

@article{tutko2022software,
  title={How are Software Repositories Mined? A Systematic Literature Review of Workflows, Methodologies, Reproducibility, and Tools},
  author={Tutko, Adam and Henley, Austin Z and Mockus, Audris},
  journal={arXiv preprint arXiv:2204.08108},
  year={2022}
}

@inproceedings{robles2010replicating,
  title={Replicating msr: A study of the potential replicability of papers published in the mining software repositories proceedings},
  author={Robles, Gregorio},
  booktitle={MSR 2010},
  pages={171--180},
  year={2010},
  organization={IEEE}
}

@article{vial2019reflections,
  title={Reflections on quality requirements for digital trace data in IS research},
  author={Vial, Gregory},
  journal={Decision Support Systems},
  volume={126},
  pages={113133},
  year={2019},
  publisher={Elsevier}
}

@article{kalliamvakou2016depth,
  title={An in-depth study of the promises and perils of mining GitHub},
  author={Kalliamvakou, Eirini and Gousios, Georgios and Blincoe, Kelly and Singer, Leif and German, Daniel M and Damian, Daniela},
  journal={Empirical Software Engineering},
  volume={21},
  number={5},
  pages={2035--2071},
  year={2016},
  publisher={Springer}
}

@article{vidoni2022systematic,
  title={A systematic process for Mining Software Repositories: Results from a systematic literature review},
  author={Vidoni, M},
  journal={IST},
  volume={144},
  pages={106791},
  year={2022},
  publisher={Elsevier}
}

@inproceedings{pietri2020swh-graph,
author = {Pietri, Antoine and Spinellis, Diomidis and Zacchiroli, Stefano},
title = {The Software Heritage Graph Dataset: Large-Scale Analysis of Public Software Development History},
year = {2020},
isbn = {9781450375177},
publisher = {Association for Computing Machinery},
address = {New York, NY, USA},
url = {https://doi.org/10.1145/3379597.3387510},
doi = {10.1145/3379597.3387510},
abstract = {Software Heritage is the largest existing public archive of software source code and accompanying development history. It spans more than five billion unique source code files and one billion unique commits, coming from more than 80 million software projects. These software artifacts were retrieved from major collaborative development platforms (e.g., GitHub, GitLab) and package repositories (e.g., PyPI, Debian, NPM), and stored in a uniform representation linking together source code files, directories, commits, and full snapshots of version control systems (VCS) repositories as observed by Software Heritage during periodic crawls. This dataset is unique in terms of accessibility and scale, and allows to explore a number of research questions on the long tail of public software development, instead of solely focusing on "most starred" repositories as it often happens.},
booktitle = {MSR 2020},
pages = {1–5},
numpages = {5},
location = {Seoul, Republic of Korea},
}


@inproceedings{gousios2013ghtorent,
  title={The GHTorent dataset and tool suite},
  author={Gousios, Georgios},
  booktitle={MSR 2013},
  pages={233--236},
  year={2013},
  organization={IEEE}
}

@article{dyer2015boa,
  title={Boa: Ultra-large-scale software repository and source-code mining},
  author={Dyer, Robert and Nguyen, Hoan Anh and Rajan, Hridesh and Nguyen, Tien N},
  journal={ACM Transactions on Software Engineering and Methodology (TOSEM)},
  volume={25},
  number={1},
  pages={1--34},
  year={2015},
  publisher={ACM New York, NY, USA}
}

@inproceedings{cosentino2016findings,
  title={Findings from GitHub: methods, datasets and limitations},
  author={Cosentino, Valerio and Luis, Javier and Cabot, Jordi},
  booktitle={MSR 2016},
  pages={137--141},
  year={2016}
}

@inproceedings{di2017software,
  title={Software heritage: Why and how to preserve software source code},
  author={Di Cosmo, Roberto and Zacchiroli, Stefano},
  booktitle={iPRES 2017},
  pages={1--10},
  year={2017}
}

@inproceedings{pietri2019software,
  title={The Software Heritage graph dataset: public software development under one roof},
  author={Pietri, Antoine and Spinellis, Diomidis and Zacchiroli, Stefano},
  booktitle={MSR 2019},
  pages={138--142},
  year={2019},
  organization={IEEE}
}


@inproceedings{barros2021mining,
  title={A mining software repository extended cookbook: Lessons learned from a literature review},
  author={Barros, Daniel and Horita, Flavio and Wiese, Igor and Silva, Kanan},
  booktitle={Brazilian Symposium on Software Engineering},
  pages={1--10},
  year={2021}
}

@article{marsden2018numerical,
  title={Numerical data quality in IS research and the implications for replication},
  author={Marsden, James R and Pingry, David E},
  journal={Decision Support Systems},
  volume={115},
  pages={A1--A7},
  year={2018},
  publisher={Elsevier}
}

@article{zhang2018empirical,
  title={Empirical research in software engineering—a literature survey},
  author={Zhang, Li and Tian, Jia-Hao and Jiang, Jing and Liu, Yi-Jun and Pu, Meng-Yuan and Yue, Tao},
  journal={Journal of Computer Science and Technology},
  volume={33},
  number={5},
  pages={876--899},
  year={2018},
  publisher={Springer}
}

@proceedings{DBLP:conf/msr/2022,
  title     = {19th {IEEE/ACM} International Conference on Mining Software Repositories,
               {MSR} 2022, Pittsburgh, PA, USA, May 23-24, 2022},
  publisher = {{ACM}},
  year      = {2022},
  url       = {https://doi.org/10.1145/3524842},
  doi       = {10.1145/3524842},
  isbn      = {978-1-4503-9303-4},
  timestamp = {Thu, 27 Oct 2022 16:07:05 +0200},
  biburl    = {https://dblp.org/rec/conf/msr/2022.bib},
  bibsource = {dblp computer science bibliography, https://dblp.org}
}

@article{DBLP:journals/cse/CosmoGZ20,
  author    = {Roberto Di Cosmo and
               Morane Gruenpeter and
               Stefano Zacchiroli},
  title     = {Referencing Source Code Artifacts: {A} Separate Concern in Software
               Citation},
  journal   = {Comput. Sci. Eng.},
  volume    = {22},
  number    = {2},
  pages     = {33--43},
  year      = {2020},
  url       = {https://doi.org/10.1109/MCSE.2019.2963148},
  doi       = {10.1109/MCSE.2019.2963148},
  timestamp = {Thu, 14 Oct 2021 09:39:09 +0200},
  biburl    = {https://dblp.org/rec/journals/cse/CosmoGZ20.bib},
  bibsource = {dblp computer science bibliography, https://dblp.org}
}

@inproceedings{DBLP:conf/wcre/BoldiPVZ20,
  author    = {Paolo Boldi and
               Antoine Pietri and
               Sebastiano Vigna and
               Stefano Zacchiroli},
  title     = {Ultra-Large-Scale Repository Analysis via Graph Compression},
  booktitle = {{SANER} 2020},
  pages     = {184--194},
  publisher = {{IEEE}},
  year      = {2020},
  url       = {https://doi.org/10.1109/SANER48275.2020.9054827},
  doi       = {10.1109/SANER48275.2020.9054827},
  timestamp = {Thu, 16 Apr 2020 16:52:52 +0200},
  biburl    = {https://dblp.org/rec/conf/wcre/BoldiPVZ20.bib},
  bibsource = {dblp computer science bibliography, https://dblp.org}
}

@inproceedings{DBLP:conf/sfm/CabotG12,
  author    = {Jordi Cabot and
               Martin Gogolla},
  editor    = {Marco Bernardo and
               Vittorio Cortellessa and
               Alfonso Pierantonio},
  title     = {Object Constraint Language {(OCL):} {A} Definitive Guide},
  booktitle = {{SFM} 2012},
  series    = {LNCS},
  volume    = {7320},
  pages     = {58--90},
  publisher = {Springer},
  year      = {2012},
  url       = {https://doi.org/10.1007/978-3-642-30982-3\_3},
  doi       = {10.1007/978-3-642-30982-3\_3},
  timestamp = {Tue, 14 May 2019 10:00:44 +0200},
  biburl    = {https://dblp.org/rec/conf/sfm/CabotG12.bib},
  bibsource = {dblp computer science bibliography, https://dblp.org}
}

@inproceedings{DBLP:conf/sigmod/FrancisGGLLMPRS18,
  author    = {Nadime Francis and
               Alastair Green and
               Paolo Guagliardo and
               Leonid Libkin and
               Tobias Lindaaker and
               Victor Marsault and
               Stefan Plantikow and
               Mats Rydberg and
               Petra Selmer and
               Andr{\'{e}}s Taylor},
  editor    = {Gautam Das and
               Christopher M. Jermaine and
               Philip A. Bernstein},
  title     = {Cypher: An Evolving Query Language for Property Graphs},
  booktitle = {SIGMOD 2018},
  pages     = {1433--1445},
  publisher = {{ACM}},
  year      = {2018},
  url       = {https://doi.org/10.1145/3183713.3190657},
  doi       = {10.1145/3183713.3190657},
  timestamp = {Wed, 07 Dec 2022 23:08:47 +0100},
  biburl    = {https://dblp.org/rec/conf/sigmod/FrancisGGLLMPRS18.bib},
  bibsource = {dblp computer science bibliography, https://dblp.org}
}

@inproceedings{DBLP:conf/www/Hartig018,
  author    = {Olaf Hartig and
               Jorge P{\'{e}}rez},
  editor    = {Pierre{-}Antoine Champin and
               Fabien Gandon and
               Mounia Lalmas and
               Panagiotis G. Ipeirotis},
  title     = {Semantics and Complexity of GraphQL},
  booktitle = {WWW 2018},
  pages     = {1155--1164},
  publisher = {{ACM}},
  year      = {2018},
  url       = {https://doi.org/10.1145/3178876.3186014},
  doi       = {10.1145/3178876.3186014},
  timestamp = {Fri, 16 Apr 2021 10:04:12 +0200},
  biburl    = {https://dblp.org/rec/conf/www/Hartig018.bib},
  bibsource = {dblp computer science bibliography, https://dblp.org}
}

@phdthesis{pietri:tel-03515795,
  TITLE = {{Organizing the graph of public software development for large-scale mining}},
  AUTHOR = {Pietri, Antoine},
  URL = {https://hal.science/tel-03515795},
  NUMBER = {2021UNIP7183},
  SCHOOL = {{Universit{\'e} Paris Cit{\'e}}},
  YEAR = {2021},
  MONTH = Nov,
  KEYWORDS = {Empirical software engineering ; Source code ; Open source software ; Version control system ; Digital preservation ; Graph topology ; Graph compression ; G{\'e}nie logiciel empirique ; Logiciel open-Source ; Syst{\`e}me de gestion de version ; Conservation num{\'e}rique ; Topologie de graphe ; Compression de graphe},
  TYPE = {Theses},
  PDF = {https://hal.science/tel-03515795v2/file/va_Pietri_Antoine.pdf},
  HAL_ID = {tel-03515795},
  HAL_VERSION = {v2},
}

@article{shull2008role,
  title={The role of replications in empirical software engineering},
  author={Shull, Forrest J and Carver, Jeffrey C and Vegas, Sira and Juristo, Natalia},
  journal={Empirical software engineering},
  volume={13},
  number={2},
  pages={211--218},
  year={2008},
  publisher={Springer}
}

@article{da2014replication,
  title={Replication of empirical studies in software engineering research: a systematic mapping study},
  author={Da Silva, Fabio QB and Suassuna, Marcos and Fran{\c{c}}a, A C{\'e}sar C and Grubb, Alicia M and Gouveia, Tatiana B and Monteiro, Cleviton VF and dos Santos, Igor Ebrahim},
  journal={Empirical Software Engineering},
  volume={19},
  number={3},
  pages={501--557},
  year={2014},
  publisher={Springer}
}
@inproceedings{juristo2012replication,
  title={Replication of software engineering experiments},
  author={Juristo, Natalia and G{\'o}mez, Omar S},
  booktitle={LASER Summer School},
  pages={60--88},
  year={2012},
  organization={Springer}
}
@article{wang2021can,
  title={Can we benchmark Code Review studies? A systematic mapping study of methodology, dataset, and metric},
  author={Wang, Dong and Ueda, Yuki and Kula, Raula Gaikovina and Ishio, Takashi and Matsumoto, Kenichi},
  journal={JSS},
  volume={180},
  pages={111009},
  year={2021},
  publisher={Elsevier}
}

@INPROCEEDINGS{swh,

  author={Di Cosmo, Roberto},
  booktitle={ICSE-SEIS 2018}, 
  title={Software Heritage: Why and How We Collect, Preserve and Share All the Software Source Code}, 
  year={2018},
  volume={},
  number={},
  pages={2-2},
  doi={}}

